@misc{Consumer_Protection,
  author = {UK Government},
  title  = {Consumer Protection Act 1987},
  year   = {1987}
}

@online{Earth_Metals,
  author = {Kidela Capital Group},
  title  = {Raw Earth Metals and Hybrid Cars},
  year   = {Dec 2010},
  url    = {https://www.mining.com/rare-earth-metals-and-hybrid-cars/}
}

@online{Electricity_Generation,
  author = {Dan Thory},
  title  = {Energy Dashboard},
  year   = {Oct 2022},
  url    = {https://www.energydashboard.co.uk/live}
}

@online{Energy,
  author = {Euro Stat},
  title  = {Where Does Our Energy Come From?},
  year   = {2020},
  url    = {https://ec.europa.eu/eurostat/cache/infographs/energy/bloc-2a.html}
}

@online{Ethical_Principals,
  author = {The Engineering Council and The Royal Academy of Engineering},
  title  = {Statement of Ethical Principals for the Engineering Professional},
  year   = {Jul 2017},
  url    = {https://www.engc.org.uk/media/2337/statement-of-ethical-principles-2014.pdf}
}

@online{EV_Battery_Health,
  author = {Charlotte Argue},
  title  = {What can 6000 Electric Vehicles Tell us About Battery Health?},
  year   = {Jul 2020},
  url    = {https://www.geotab.com/blog/ev-battery-health/}
}

@online{EV_Battery_Longevity,
  author = {Wesley Van Barlingen and Callum Biggins},
  title  = {How Long do Electric Car Batteries Last?},
  year   = {Aug 2022},
  url    = {https://blog.evbox.com/uk-en/ev-battery-longevity}
}

@online{EV_on_Road,
  author = {IEA},
  title  = {Global EV Outlook 2022},
  year   = {2022},
  url    = {https://www.iea.org/reports/global-ev-outlook-2022/executive-summary}
}

@online{Ford_Transmission,
  author = {The Centre for Auto Saftey},
  title  = {Ford Transmissions Failure to Hold in Park},
  year   = {},
  url    = {https://www.autosafety.org/ford-transmissions-failure-hold-park/#:~:text=On%20June%2010%2C%201980%2C%20NHTSA,accidentally%20from%20park%20to%20reverse}
}

@online{Intended_Use,
  author = {Manualise},
  title  = {The Intended Use},
  year   = {2015},
  url    = {https://www.manualise.com/en/blog/law-and-legislation/intended-use/}
}

@misc{Invalid_Legislation,
  author = {UK Government},
  title  = {The Use of Invalid Carriages On Highways Regualtions No. 2268/1988},
  year   = {1988}
}

@online{IP_Rating,
  author = {HK Lee Hing Industry Co., Limited},
  title  = {The Complete Guide to Waterproof IP Rating - IP44, IP54, IP55, IP65, IP66, IPX4, IPX5, IPX7},
  year   = {2020},
  url    = {http://www.iec-test.com/news/The-Complete-Guide-To-Waterproof-IP-Rating---IP44-IP54-IP55-IP65-IP66-IPX4-IPX5-IPX7.html}
}

@report{ISO21502,
  title       = {Project, Programme and Portfolio Management - Guidance on Project Mangament},
  type        = {Standard},
  institution = {International Organization for Standardisation},
  year        = {2020}
}

@online{Liabilty_Insurance,
  author = {Mike Stephens},
  title  = {A Guide to Product Liability Insurance},
  year   = {Aug 2021},
  url    = {https://www.towergateinsurance.co.uk/liability-insurance/product-liability-guide}
}

@online{Lithium_Industry,
  author = {Sophie Bauer},
  title  = {Explainer: The Opportunities and Challenges of the Lithium Industry},
  year   = {Dec 2020},
  url    = {https://dialogochino.net/en/extractive-industries/38662-explainer-the-opportunities-and-challenges-of-the-lithium-industry/}
}

@online{Lithium_Producers,
  author = {Robert Rapier},
  title  = {The World's Top Lithium Producers},
  year   = {Dec 2020},
  url    = {https://www.forbes.com/sites/rrapier/2020/12/13/the-worlds-top-lithium-producers/?sh=77955bd95bc6}
}

@online{Lithium_Source,
  author = {Jamie Speirs},
  title  = {Electrci Vehicle and Critical Metals},
  year   = {Feb 2015},
  url    = {https://web.archive.org/web/20190904081712/https:/setis.ec.europa.eu/setis-reports/setis-magazine/materials-energy/electric-vehicles-and-critical-metals-jamie-speirs}
}

@online{Not_Enough_Lithium,
  author = {World Economic Forum},
  title  = {The World Needs 2 Billion Electric Vehicles to get to Net Zero. But is There Enough Lithium to make all the Batteries?},
  year   = {Jul 2022},
  url    = {https://www.weforum.org/agenda/2022/07/electric-vehicles-world-enough-lithium-resources/}
}

@online{Open_Pit_Mining,
  author = {UN},
  title  = {Sweden: Open Pit Mine Will Endanger Indigenous Lands and the Environment - UN Experts},
  year   = {Feb 2022},
  url    = {https://www.ohchr.org/en/press-releases/2022/02/sweden-open-pit-mine-will-endanger-indigenous-lands-and-environment-un#:~:text=An%20open%20pit%20mine%20will,and%20water%20sources%2C%20they%20said}
}

@online{PRINCE2,
  author = {ILX Marketing Team},
  title  = {The 7 Principles, Themes and Processes of PRINCE2},
  year   = {Sep 2016},
  url    = {https://www.prince2.com/uk/blog/the-7-principles-themes-and-processes-of-prince2}
}

@online{Research_Ethics,
  author = {University of Plymouth},
  title  = {Research Ethics},
  year   = {Jun 2022},
  url    = {https://www.plymouth.ac.uk/research/governance/research-ethics-policy}
}

@misc{Road_Traffic,
  author = {UK Government},
  title  = {Road Traffic Act 1972},
  year   = {1972}
}

@online{Rules_of_Conduct,
  author = {The Institute of engineering and Technology},
  title  = {Rules of Conduct},
  year   = {Oct 2019},
  url    = {https://www.theiet.org/about/governance/rules-of-conduct/}
}

@online{UK_Voltage_Change,
  author = {Sage Tips},
  title  = {When did UK Voltage Change to 230V?},
  year   = {Aug 2022},
  url    = {https://sage-tips.com/blog/when-did-uk-voltage-change-to-230v/}
}

@online{Volatges_And_Frequencies,
  author = {Generator Source},
  title  = {Lists of Voltages & Frequencies (Hz) Around the World},
  year   = {2022},
  url    = {https://www.generatorsource.com/Voltages_and_Hz_by_Country.aspx}
}

@online{VW_Press_Release,
  author = {Volkswagon},
  title  = {Volkswagon Groups Components Battery Recycling Pilot plan},
  year   = {},
  url    = {https://uploads.vw-mms.de/system/production/files/vwn/016/758/file/a9196deb0c75c4830b71263485e4aabd64626871/Volkswagen_Group_Components_battery_recycling_pilot_plant.pdf?1611853487}
}

@misc{Warranty,
  author = {UK Government},
  title  = {The Supply of Extended Warranties on Domestic Electrical Goods Order No. 37/2005},
  year   = {2005}
}

@online{Waterfall_Meth,
  author = {Adobe Communication Team},
  title  = {Waterfall Methodology: A Complete Guide},
  year   = {Mar 2022},
  url    = {https://business.adobe.com/blog/basics/waterfall#:~:text=The%20Waterfall%20methodology%20%E2%80%94%20also%20known,before%20the%20next%20phase%20begins.}
}

@online{Well_To_Wheel,
  author = {MVGA},
  title  = {Well-to-Wheel and How to Better Understand it},
  year   = {One of the Years Ever},
  url    = {https://gmobility.eu/what-is-well-to-wheel/#:~:text=Well-to-Wheel%20(in,put%2C%20they%20cause%20climate%20change}
}

@misc{•,
author = {UK Government},
title = {Chronically Sick and Disabled Persons Act 1970},
year = {1970}
}

@online{Supply_Chain,
author = {Matric Group},
title = {Electronic Component Shoratges Update -- 2022 and Beyond},
year = {Nov 2022},
url = {https://blog.matric.com/electronic-component-shortages-update}
}
@online{Al_Manufac,
author = {Aluminium Extruders Council},
title = {Leaving an Impact},
year = {2022},
url = {https://aec.org/sustainability},
OPTsubtitle = {•},
OPTtitleaddon = {•},
OPTlanguage = {•},
OPTversion = {•},
OPTnote = {•},
OPTorganization = {•},
OPTdate = {•},
OPTmonth = {•},
OPTaddendum = {•},
OPTpubstate = {•},
OPTurldate = {•},
}


