@article{rewatkar2023pwm,
  title={PWM Signal Based Speed Controlling of Brushless DC Motor Using Arduino},
  author={Rewatkar, Janhavi and others},
  journal={Journal of Electrical Engineering},
  year={2023}
}