@online{Home_Chargepoints,
author = {Mark Moran},
title = {A Third of UK Homeowners Don't Have a Driveway or Garage to Install a Home Chargepoint},
year = {Aug 2020},
url = {https://www.transportxtra.com/publications/parking-review/news/66621/a-third-of-uk-homeowners-don-t-have-a-driveway-or-garage-to-install-a-home-chargepoint/}
}

@online{WIPO_ref,
author = {WIPO},
title = {IP Stats},
year = {2021},
url = {https://www3.wipo.int/ipstats/keysearch.htm?keyId=205}
}

